@Book{ggplot2,
    author = {Hadley Wickham},
    title = {ggplot2: Elegant Graphics for Data Analysis},
    publisher = {Springer-Verlag New York},
    year = {2016},
    isbn = {978-3-319-24277-4},
    url = {https://ggplot2.tidyverse.org},
}
@Book{koponen&hilden2019,
  title = {Data visualization handbook},
  author = {Juuso Koponen and Jonatan Hild{\'e}n},
  publisher = {Aalto ARTS Books},
  address = {Espoo, Finland},
  year = {2019},
  edition = {1st},
  note = {ISBN 978-952-60-7449-8}
}
@Book{wilkinson2005,
  title = {The Grammar of Graphics},
  author = {Leland Wilkinson},
  publisher = {Springer Science+Business Media},
  address = {Berlin/Heidelberg, Germany},
  year = {2005},
  edition = {2nd},
  url = {https://link.springer.com/10.1007/978-3-642-21551-3_13},
  note = {ISBN 978-0-387-28695-2}
}
@Book{xie2015,
  title = {Dynamic documents with {R} and knitr},
  author = {Yihui Xie},
  publisher = {Chapman and Hall/CRC},
  address = {Boca Raton, Florida, United States},
  year = {2015},
  edition = {2nd},
  note = {ISBN 978-1498716963},
  url = {http://yihui.name/knitr/}
}
@book{bertin1983,
  title = {Semiology of Graphics},
  author = {Jacques Bertin},
  publisher = {University of Wisconsin Press},
  address = {Madison, Wisconsin, United States},
  year = {1983}
}
@article{sciaini2018,
  title = {NLMR and landscapetools: An integrated environment for simulating and modifying neutral landscape models in R},
  author = {Marco Sciaini and Matthias Fritsch and C{\'e}dric Scherer and Craig Eric Simpkins},
  journal = {Methods in Ecology and Evolution},
  volume = {9},
  number = {11},
  pages = {2240--2248},
  year = {2018},
  publisher = {Wiley Online Library},
  doi = {10.1111/2041-210X.13076}
}
@Article{tidyverse,
  title = {Welcome to the {tidyverse}},
  author = {Hadley Wickham and Mara Averick and Jennifer Bryan and Winston Chang and Lucy D'Agostino McGowan and Romain François and Garrett Grolemund and Alex Hayes and Lionel Henry and Jim Hester and Max Kuhn and Thomas Lin Pedersen and Evan Miller and Stephan Milton Bache and Kirill Müller and Jeroen Ooms and David Robinson and Dana Paige Seidel and Vitalie Spinu and Kohske Takahashi and Davis Vaughan and Claus Wilke and Kara Woo and Hiroaki Yutani},
  year = {2019},
  journal = {Journal of Open Source Software},
  volume = {4},
  number = {43},
  pages = {1686},
  doi = {10.21105/joss.01686},
}
@Article{wickham2006,
  title = {An introduction to ggplot: An implementation of the grammar of graphics in R},
  author = {Hadley Wickham},
  year = {2006},
  journal = {JStatistics},
  pages = {1-8}
}
@incollection{kosara2007,
  author = {Robert Kosara},
  booktitle = {2007 11th International Conference Information Visualization (IV '07)},
  title = {Visualization criticism - The missing link between information visualization and art},
  year = {2007},
  pages = {631--636},
  doi = {10.1109/IV.2007.130}
}
@Manual{camcorder,
  title = {camcorder: Record Your Plot History},
    author = {Ellis Hughes},
    year = {2022},
    note = {R package version 0.1.0},
    url = {https://CRAN.R-project.org/package=camcorder}
}
@Manual{dplyr,
  title = {dplyr: A Grammar of Data Manipulation},
  author = {Hadley Wickham and Romain François and Lionel Henry and Kirill Müller},
  year = {2022},
  note = {R package version 1.0.10},
  url = {https://CRAN.R-project.org/package=dplyr}
}
@Manual{forcats,
  title = {forcats: Tools for Working with Categorical Variables (Factors)},
  author = {Hadley Wickham},
  year = {2022},
  note = {R package version 0.5.2},
  url = {https://CRAN.R-project.org/package=forcats}
}
@Manual{readr,
  title = {readr: Read Rectangular Text Data},
  author = {Hadley Wickham and Jim Hester and Jennifer Bryan},
  year = {2022},
  note = {R package version 2.1.3},
  url = {https://CRAN.R-project.org/package=readr}
}
@Manual{tidyr,
  title = {tidyr: Tidy Messy Data},
  author = {Hadley Wickham and Maximilian Girlich},
  year = {2022},
  note = {R package version 1.2.1},
  url = {https://CRAN.R-project.org/package=tidyr}
}
@incollection{cairo2021,
  title = {Orthodoxy and eccentricity},
  author = {Alberto Cairo},
  booktitle = {Data Sketches by Nadieh Bremer and Shirley Wu},
  year = {2021},
  publisher = {Chapman and Hall/CRC},
  address = {Boca Raton, Florida, United States},
  pages = {12--13},
  note = {ISBN 978-036-70-0012-7}
}
